<?xml version="1.0" encoding="UTF-8"?><collection xmlns="http://www.loc.gov/MARC21/slim"><record><leader>00425nam--2200157-i-4500</leader><controlfield tag="001">000042321</controlfield><controlfield tag="002">20161230</controlfield><controlfield tag="005">20161230201043</controlfield><controlfield tag="008">060222s1000------------r-----000-0-eng-d</controlfield><datafield ind1=" " ind2=" " tag="080"><subfield code="a">517.43</subfield></datafield><datafield ind1="1" ind2=" " tag="100"><subfield code="a">Soule,J.L</subfield></datafield><datafield ind1="1" ind2="0" tag="245"><subfield code="a">Operateurs lineaires dans l`espace d`hilbert</subfield></datafield><datafield ind1=" " ind2=" " tag="260"><subfield code="a">Paris, Dunod, 1967. Vi + 41 P</subfield></datafield><datafield ind1=" " ind2=" " tag="490"><subfield code="a">Cours Et Documents De Math.Et De Ph</subfield></datafield><datafield ind1=" " ind2=" " tag="852"><subfield code="a">28375</subfield><subfield code="c">517.43</subfield></datafield><datafield ind1=" " ind2=" " tag="CAT"><subfield code="a">Sys</subfield><subfield code="c">20080722</subfield><subfield code="h">132345</subfield></datafield></record></collection>